%
%  An example of a bibliographical database in BibTeX format,
%  which is used by biblatex to create the list of referenced works.
%
%  Academic search engines and software for maintenance of bibliography
%  often supports exporting records in BibTeX format. We recommend:
%
%    - Google Scholar (https://scholar.google.com/)
%    - JabRef (https://www.jabref.org/)
%    - zoterobib (https://zbib.org/)
%
%  BEWARE:
%
%    *  If a name contains a capital letter, which must be kept such,
%       use curly brackets ({T}hailand, {HIV}).
%
%  ===========================================================================

@Book{holland1975adaptation,
  author    = {Holland, J. H.},
  title     = {Adaptation in Natural and Artificial Systems},
  doi       = {10.7551/mitpress/1090.001.0001},
  isbn      = {0472084607},
  publisher = {University of Michigan Press},
  subtitle  = {An Introductory Analysis with Applications to Biology, Control, and Artificial Intelligence},
  url       = {https://doi.org/10.7551/mitpress/1090.001.0001},
  file      = {:papers/Holland1975 - Adaptation in Natural and Artificial Systems.pdf:PDF:http\://repo.darmajaya.ac.id/3794/1/Adaptation%20in%20Natural%20and%20Artificial%20Systems_%20An%20Introductory%20Analysis%20with%20Applications%20to%20Biology%2C%20Control%2C%20and%20Artificial%20Intelligence%20%28A%20Bradford%20Book%29%20%28%20PDFDrive%20%29.pdf},
  year      = {1975},
}

@Book{goldberg1989genetic,
  author    = {Goldberg, D. E.},
  title     = {Genetic Algorithms in Search, Optimization, and Machine Learning},
  isbn      = {9780201157673},
  publisher = {Addison-Wesley},
  file      = {:papers/Goldberg1989 - Genetic Algorithms in Search, Optimization, and Machine Learning.pdf:PDF:http\://www2.fiit.stuba.sk/~kvasnicka/Free%20books/Goldberg_Genetic_Algorithms_in_Search.pdf},
  year      = {1989},
}

@Online{google2023google,
  author  = {Google},
  title   = {Google Coding Competitions Archive},
  url     = {https://github.com/google/coding-competitions-archive},
  urldate = {2025-03-21},
  year    = {2023},
}

@MastersThesis{rodrigues2023principled,
  author = {Rodrigues, Pedro Miguel Duque},
  title  = {Principled Modeling of the Google Hash Code Problems for Meta-Heuristics},
  url    = {https://hdl.handle.net/10316/110471},
  file   = {:papers/hashcode/tese_final_pedro_rodrigues.pdf:PDF:https\://estudogeral.uc.pt/retrieve/265403/tese_final_pedro_rodrigues.pdf},
  school = {University of Coimbra},
  year   = {2023},
}

@Article{li2022building,
  author  = {Li, Wenyu and Sun, Yilin and Zhao, Xiangyu},
  title   = {Building a Simulator and Emulator for Traffic Signaling},
  url     = {https://victorzxy.github.io/project/traffic-sim/},
  urldate = {2025-03-21},
  file    = {:papers/hashcode/HASHCODE_2021-Building a Simulator and Emulator for Traffic Signaling.pdf:PDF:https\://victorzxy.github.io/project/traffic-sim/TrafficSim-Report.pdf},
  year    = {2022},
}

@Book{russell2020artificial,
  author    = {Stuart Russell and Peter Norvig},
  title     = {Artificial Intelligence: A Modern Approach},
  edition   = {4},
  isbn      = {978-0134610993},
  publisher = {Pearson},
  url       = {https://aima.cs.berkeley.edu/},
  file      = {:papers/russell2021artificial.pdf:PDF:https\://dl.ebooksworld.ir/books/Artificial.Intelligence.A.Modern.Approach.4th.Edition.Peter.Norvig.%20Stuart.Russell.Pearson.9780134610993.EBooksWorld.ir.pdf},
  year      = {2020},
}

@Book{luke2013essentials,
  author    = {Luke, Sean},
  title     = {Essentials of metaheuristics},
  edition   = {2},
  isbn      = {9781300549628},
  publisher = {Lulu},
  subtitle  = {A set of undergraduate lecture notes; Online Version 2.0},
  url       = {https://cs.gmu.edu/~sean/book/metaheuristics/},
  file      = {:papers/luke2013essentials.pdf:PDF:https\://cs.gmu.edu/~sean/book/metaheuristics/Essentials.pdf},
  year      = {2013},
}

@Book{vanneschi2023lectures,
  author    = {Vanneschi, Leonardo},
  title     = {Lectures on Intelligent Systems},
  doi       = {10.1007/978-3-031-17922-8},
  editor    = {Sara Silva},
  isbn      = {9783031179228},
  location  = {Cham},
  pagetotal = {13498936},
  publisher = {Imprint: Springer},
  series    = {Natural Computing Series},
  url       = {https://doi.org/10.1007/978-3-031-17922-8},
  file      = {:papers/Lectures on Intelligent Systems.pdf:PDF:https\://link.springer.com/content/pdf/10.1007/978-3-031-17922-8.pdf},
  ppn_gvk   = {1831231654},
  year      = {2023},
}

@Book{darwin1859origin,
  author    = {Charles Darwin},
  title     = {On the Origin of Species by Means of Natural Selection},
  location  = {London},
  publisher = {John Murray},
  file      = {:https\://archive.org/details/darwin-online_1859_Origin_F373:PDF},
  year      = {1859},
}

@Online{jakob2017pybind11,
  author  = {Wenzel Jakob and Jason Rhinelander and Dean Moldovan},
  title   = {pybind11 -- Seamless operability between C++11 and Python},
  url     = {https://github.com/pybind/pybind11},
  urldate = {2025-04-22},
  year    = {2017},
}

@Article{fortin2012deap,
  author   = {Fortin, F\'{e}lix-Antoine and De Rainville, Fran\c{c}ois-Michel and Gardner, Marc-Andr\'{e} Gardner and Parizeau, Marc and Gagn\'{e}, Christian},
  title    = {{DEAP}: Evolutionary Algorithms Made Easy},
  issn     = {1532-4435},
  pages    = {2171--2175},
  url      = {https://dl.acm.org/doi/abs/10.5555/2503308.2503311},
  volume   = {13},
  abstract = {DEAP is a novel evolutionary computation framework for rapid prototyping and testing of ideas. Its design departs from most other existing frameworks in that it seeks to make algorithms explicit and data structures transparent, as opposed to the more common black-box frameworks. Freely available with extensive documentation at http://deap.gel.ulaval.ca, DEAP is an open source project under an LGPL license.},
  file     = {:papers/DEAP_Evolutionary_Algorithms_Made_Easy.pdf:PDF},
  journal  = {Journal of Machine Learning Research},
  year     = {2012},
}

@Article{qadri2020state,
  author       = {Qadri, Syed Shah Sultan Mohiuddin and Gökçe, Mahmut Ali and Öner, Erdinç},
  date         = {2020-10},
  journaltitle = {European Transport Research Review},
  title        = {State-of-art review of traffic signal control methods: challenges and opportunities},
  doi          = {10.1186/s12544-020-00439-1},
  issn         = {1866-8887},
  number       = {1},
  url          = {https://doi.org/10.1186/s12544-020-00439-1},
  volume       = {12},
  file         = {:papers/State-of-art review of traffic signal control methods challenges and opportunities.pdf:PDF},
  publisher    = {Springer Science and Business Media LLC},
}

@Article{smith2013surtrac,
  author       = {Smith, Stephen F. and Barlow, Gregory and Xie, Xiao-Feng and Rubinstein, Zachary B.},
  date         = {2013},
  journaltitle = {Carnegie Mellon University},
  title        = {SURTRAC: Scalable Urban Traffic Control},
  doi          = {10.1184/R1/6561035.V1},
  url          = {https://doi.org/10.1184/R1/6561035.v1},
  copyright    = {In Copyright},
  file         = {:papers/SURTRAC-Scalable Urban Traffic Control.pdf:PDF},
  keywords     = {80101 Adaptive Agents and Intelligent Robotics, FOS: Computer and information sciences, FOS: Computer and information sciences},
  publisher    = {Carnegie Mellon University},
}

@Article{ye2019survey,
  author       = {Ye, Bao-Lin and Wu, Weimin and Ruan, Keyu and Li, Lingxi and Chen, Tehuan and Gao, Huimin and Chen, Yaobin},
  date         = {2019-05},
  journaltitle = {IEEE/CAA Journal of Automatica Sinica},
  title        = {A survey of model predictive control methods for traffic signal control},
  doi          = {10.1109/jas.2019.1911471},
  issn         = {2329-9274},
  number       = {3},
  pages        = {623--640},
  url          = {https://doi.org/10.1109/JAS.2019.1911471},
  volume       = {6},
  file         = {:papers/A_survey_of_model_predictive_control_methods_for_traffic_signal_control.pdf:PDF},
  publisher    = {Institute of Electrical and Electronics Engineers (IEEE)},
}

@Article{zhao2024survey,
  author       = {Zhao, Haiyan and Dong, Chengcheng and Cao, Jian and Chen, Qingkui},
  date         = {2024-07},
  journaltitle = {Engineering Applications of Artificial Intelligence},
  title        = {A survey on deep reinforcement learning approaches for traffic signal control},
  doi          = {10.1016/j.engappai.2024.108100},
  issn         = {0952-1976},
  pages        = {108100},
  url          = {https://doi.org/10.1016/j.engappai.2024.108100},
  volume       = {133},
  file         = {:papers/A survey on deep reinforcement learning approaches for traffic signal control.pdf:PDF},
  publisher    = {Elsevier BV},
}

@Article{saadi2025survey,
  author       = {Saadi, Aicha and Abghour, Noureddine and Chiba, Zouhair and Moussaid, Khalid and Ali, Saadi},
  date         = {2025-04},
  journaltitle = {Journal of Big Data},
  title        = {A survey of reinforcement and deep reinforcement learning for coordination in intelligent traffic light control},
  doi          = {10.1186/s40537-025-01104-x},
  issn         = {2196-1115},
  number       = {1},
  url          = {https://doi.org/10.1186/s40537-025-01104-x},
  volume       = {12},
  file         = {:papers/A survey of reinforcement and deep reinforcement learning for coordination in intelligent traffic light control.pdf:PDF},
  publisher    = {Springer Science and Business Media LLC},
}

@Article{albert2002statistical,
  author       = {Albert, Réka and Barabási, Albert-László},
  date         = {2002-01},
  journaltitle = {Reviews of Modern Physics},
  title        = {Statistical mechanics of complex networks},
  doi          = {10.1103/revmodphys.74.47},
  issn         = {1539-0756},
  number       = {1},
  pages        = {47--97},
  volume       = {74},
  file         = {Extra url from arxiv:papers/Statistical mechanics of complex networks.pdf:PDF:https\://arxiv.org/abs/cond-mat/0106096},
  publisher    = {American Physical Society (APS)},
}

@Book{caves2004encyclopedia,
  author    = {Caves, R. W.},
  date      = {2004-03},
  title     = {Encyclopedia of the City},
  doi       = {10.4324/9780203484234},
  isbn      = {9781134528479},
  publisher = {Routledge},
}

@Article{zhao2012computational,
  author       = {Dongbin Zhao and Yujie Dai and Zhen Zhang},
  date         = {2012-07},
  journaltitle = {IEEE Transactions on Systems, Man, and Cybernetics, Part C (Applications and Reviews)},
  title        = {Computational Intelligence in Urban Traffic Signal Control: A Survey},
  doi          = {10.1109/tsmcc.2011.2161577},
  issn         = {1558-2442},
  number       = {4},
  pages        = {485--494},
  volume       = {42},
  file         = {:papers/A_survey_of_model_predictive_control_methods_for_traffic_signal_control.pdf:PDF},
  publisher    = {Institute of Electrical and Electronics Engineers (IEEE)},
}

@Article{wang2021traffic,
  author       = {Wang, Jindong and Jiang, Shengchuan and Qiu, Yue and Zhang, Yang and Ying, Jianguo and Du, Yuchuan},
  date         = {2021-08},
  journaltitle = {Journal of Advanced Transportation},
  title        = {Traffic Signal Optimization under Connected-Vehicle Environment: An Overview},
  doi          = {10.1155/2021/3584569},
  editor       = {Chen, Chi-Hua},
  issn         = {0197-6729},
  pages        = {1--16},
  volume       = {2021},
  file         = {:papers/Traffic Signal Optimization under Connected‐Vehicle Environment_ An Overview.pdf:PDF},
  publisher    = {Wiley},
}

@Article{gunarathne2023traffic,
  author       = {Gunarathne, Dinakara and Amarasingha, Niranga and Wickramasighe, Vasantha},
  date         = {2023-04},
  journaltitle = {Science, Engineering and Technology},
  title        = {Traffic Signal Controller Optimization Through VISSIM to Minimize Traffic Congestion, CO and NOx Emissions, and Fuel Consumption},
  doi          = {10.54327/set2023/v3.i1.56},
  issn         = {2831-1043},
  number       = {1},
  volume       = {3},
  file         = {:papers/Traffic+Signal+Controller+Optimization+Through+VISSIM+to+Minimize+Traffic+Congestion,+CO+and+NOx+Emissions+and+Fuel+Consumption.pdf:PDF},
  publisher    = {&quot;IMS&quot; Vogosca},
}

@Article{mu2022traffic,
  author       = {Rui Mu and Yasuhide Nishihori and Hideki Kato and Ryosuke Ando},
  date         = {2022},
  journaltitle = {Journal of the Eastern Asia Society for Transportation Studies},
  title        = {Traffic Signal Optimization Models Minimizing Vehicles’ Average Delay in an Isolated Signalized Intersection},
  doi          = {10.11175/easts.14.1906},
  pages        = {1906-1918},
  volume       = {14},
  file         = {:papers/Traffic Signal Optimization Models Minimizing Vehicles Average Delay in an Isolated Signalized Intersection.pdf:PDF},
  journal      = {Journal of the Eastern Asia Society for Transportation Studies},
  year         = {2022},
}

@Article{costa2020intersection,
  author       = {Costa, Nator Junior Carvalho da and Maia, Jose E. B.},
  date         = {2020-07},
  journaltitle = {International Journal of Computer Applications},
  title        = {An Intersection Traffic Signal Controller Optimized by a Genetic Algorithm},
  doi          = {10.5120/ijca2020920521},
  issn         = {0975-8887},
  number       = {40},
  pages        = {9--13},
  volume       = {176},
  file         = {:papers/An Intersection Traffic Signal Controller Optimized by a Genetic Algorithm.pdf:PDF},
  publisher    = {Foundation of Computer Science},
}

@InBook{glover1998tabu,
  author    = {Glover, Fred and Laguna, Manuel},
  booktitle = {Handbook of Combinatorial Optimization},
  date      = {1998},
  title     = {Tabu Search},
  doi       = {10.1007/978-1-4613-0303-9_33},
  isbn      = {9781461303039},
  pages     = {2093--2229},
  publisher = {Springer US},
  file      = {:papers/Handbook of Combinatorial Optimization.pdf:PDF:https\://github.com/AAAAAIstudy/bookshelf-1/blob/main/Math/Handbook%20of%20Combinatorial%20Optimization.pdf},
}

@InBook{lourenco2018iterated,
  author    = {Lourenço, Helena Ramalhinho and Martin, Olivier C. and Stützle, Thomas},
  booktitle = {Handbook of Metaheuristics},
  date      = {2018-09},
  title     = {Iterated Local Search: Framework and Applications},
  doi       = {10.1007/978-3-319-91086-4_5},
  isbn      = {9783319910864},
  pages     = {129--168},
  publisher = {Springer International Publishing},
  file      = {:papers/Handbook of Metaheuristics.pdf:PDF},
  issn      = {2214-7934},
}

@Comment{jabref-meta: databaseType:biblatex;}
